@manual{inmetro2003,
	Author = {INMETRO},
	Title = {Vocabulário internacional de termos fundamentais e gerais de
	metrologia},
	Year = {2013},
	Address = {Rio de Janeiro, Brasil},
	Pages = {75},
	isbn = {85-87090-90-9},
}

@inproceedings{soviero1997,
	Author = {P. A. O. Soviero and L. G. M. Lavagna},
	Title = {A Numerical Model for Thin Airfoils in Unsteady Motion},
	Year = {1997},
	Pages = {332-340},
	Volume = {19},
	Number = {3},
	Booktitle = {Journal of the Brazilian Societyt Mechanical Sciences},
}

@inproceedings{sparrow1980,
	author = {e. m. sparrow},
	title = {forced convection heat transfer in a duct having spanwise-periodic
	rectangular protuberances},
	year = {1980},
	pages = {149-167},
	volume = {3},
	booktitle = {numerical heat transfer},
}

@inproceedings{LinaAndDkulic,
	author = {J. F.-s. Lin and D. Kulic},
	title = {Online Segmentation of Human Motion for Automated Reha-
bilitation Exercise Analysis },
	year = {2014},
	pages = {168-180},
	volume = {22},
	booktitle = {IEEE Transactions on Neural Systems and Rehabilitation
Engineering},
}

@inproceedings{brownWall,
	author = {Brown, A.W.; K.C Wallnau},
	title = {Component-Based Software Engineering},
	year = {1996},
	pages = {},
	volume = {},
	booktitle = {IEEE Computer Society Press [S.l.]},
}

@inproceedings{tanenbaum,
	author = {Andrew Stuart Tanenbaum},
	title = {Sistemas Distribuídos - Princípios e Paradigmas},
	year = {2001},
	pages = {},
	volume = {},
	booktitle = {Sistemas Distribuídos - Princípios e Paradigmas},
}


@inproceedings{os,
	author = {ABRAHAM SILBERSCHATZ, PETER BAER GALVIN, GREG GAGNE},
	title = {Operating System Concepts},
	year = {2004},
	pages = {},
	volume = {},
	booktitle = {Operating System Concepts},
}
@inproceedings{PdeDios,
	author = {P. de Dios P. Chung and Q. Meng},
	title = {Landmark-Based Methods for Temporal Align-
ment of Human Motions},
	year = {2014},
	pages = {29-37},
	volume = {},
	booktitle = {IEEE Conputational Intelligence Magazine},
}

@article{clark1986,
	Author = {J. A. Clark}, Title = {Private Communication},
	Year = {1986},
	Address = {University of Michigan},
}

@article{robertGrady,
	Author = {Robert Grady},
	Title = {Practical Software Metrics for Project Management and Process Improvement},
	Year = {1992},
	Address = {Prentice-Hall},
}

@article{roberto,
  Author = {R. D. S. Baptista},
  Title = {AUTOMATIC HUMAN MOVEMENT ASSESSMENT WITH
SWITCHING LINEAR DYNAMIC SYSTEM:
MOTION SEGMENTATION AND MOTOR PERFORMANCE},
  Year = {2016},
  Address = {Universidade de Brasília},
}

@article{arruda2007,
	Author = {M. B. B. Arruda},
	Title = {Como fazer referências: bibliográficas, eletrônicas e demais
	formas de documentos},
	Year = {2007},
	Url = {http://bu.ufsc.br/framerefer.html}
}

@article{versionOne,
	Author = {Version One},
	Title = {Agile Software Feature Estimation},
	Year = {2017},
	Url = {https://www.versionone.com/agile-101/agile-management-practices/agile-feature-estimation/}
}

@article{rational,
	Author = {Peter Eeles},
	Title = {Rational Library: What, no supplementary specification?},
	Year = {2014},
	Url = {https://www.ibm.com/developerworks/rational/library/3975.html}
}



@article{openNI,
	Author = {PrimeSense},
	Title = {OpenNi},
	Year = {2010},
	Url = {http://openni.ru/openni-sdk/openni-sdk-history-2/index.html}
}

@article{praticaXp,
	Author = {Vinícius Manhães Teles},
	Title = {Práticas do XP},
	Year = {2006},
	Url = {http://www.desenvolvimentoagil.com.br/xp/praticas/}
}

@article{openKinect,
	Author = {Comunidade},
	Title = {OpenKinect},
	Year = {2010},
	Url = {https://openkinect.org/wiki/Main_Page}
}

@article{requisitos,
	Author = {Rational Software Corporation},
	Title = {Conceitos: Requisito},
	Year = {},
	Url = {http://www.wthreex.com/rup/process/workflow/requirem/co_req.htm#Reliability}
}

@article{engenhariaBiomedica,
	Author = {Programa de Engenharia Biomédica da COPPE/UFR},
	Title = {Definindo Engenharia Biomédica},
	Year = {2016},
	Url = {http://http://www.peb.ufrj.br/eb.htm}
}

@article{bradshaw,
	Author = {S .BRADSHAW},
	Title = {Effective Metrics for Managing a Test Effort},
	Year = {2009},
	Url = {http://www.questcon.com}
}

@article{matlab,
	Author = {MathWorks},
	Title = {Matlab},
	Year = {1994 - 2017},
	Url = {https://www.mathworks.com/products/matlab.html}
}
@article{wrapper,
	Author = {techopedia},
	Title = {Wrapper},
	Year = {},
	Url = {https://www.techopedia.com/definition/4389/wrapper-software-engineering}
}
@article{manifestoAgil,
	Author = {Kent Beck
Mike Beedle
Arie van Bennekum
Alistair Cockburn
Ward Cunningham
Martin Fowler
  James Grenning
Jim Highsmith
Andrew Hunt
Ron Jeffries
Jon Kern
Brian Marick
  Robert C. Martin
Steve Mellor
Ken Schwaber
Jeff Sutherland
Dave Thomas},
	Title = {Manifesto Ágil},
	Year = {2001},
	Url = {http://www.agilemanifesto.org/}
}

@article{erroMedicao2012,
  Author = {Carolline Maciel dos SantosI; Gilver FerreiraI;
  Priscilla Lorenzatto MalaccoI; George Schayer SabinoII;
  Geraldo Fabiano de Souza MoraesIII; Diogo Carvalho FelicioIV},
  Title = {Confiabilidade intra e interexaminadores e erro da medição no uso do
   goniômetro e inclinômetro digital},
  Year = {2012},
  Url = {http://www.scielo.br/scielo.php?script=sci_arttext&pid=S1517-86922012000100008}
}

@article{qtm,
  Author = {Qualisys},
  Title = {Qualisys Track Manager},
  Year = {},
  Url = {http://www.qualisys.com/software/qualisys-track-manager/}
}

@article{imu,
  Author = {Joe Graves},
  Title = {Inertial Measurement Unit (IMU)},
  Year = {1998},
  Url = {http://www.ssl.umd.edu/projects/RangerNBV/thesis/2-4-1.htm}
}

@article{unity3D,
  Author = {Unity Technologies},
  Title = {Unity 3D},
  Year = {2017},
  Url = {http://www.unity3D.com}
}

@article{wcpt,
  Author = {World Confederation for Physical Therapy},
  Title = {What is WCPT?},
  Year = {2016},
  Url = {http://www.wcpt.org/what-is}
}



@article{unity3DManual,
  Author = {Unity Technologies},
  Title = {Unity 3D},
  Year = {},
  Url = {http://www.unity3D.com/Manual}
}

@article{pythondoc,
  Author = {Python Software Foundation},
  Title = {Python documentation},
  Year = {2001-2017},
  Url = {https://docs.python.org/3/}
}

@article{csharpdoc,
  Author = {Microsoft},
  Title = {Referência de C\#},
  Year = {},
  Url = {https://docs.microsoft.com/pt-br/dotnet/csharp/language-reference/index}
}

@article{python,
  Author = {Bill Venners},
  Title = {The Making of Python},
  Year = {2003},
  Url = {http://www.artima.com/intv/pythonP.html}
}

@article{historiaPython,
  Author = {Guido van Rossum},
  Title = {Python History},
  Year = {2006},
  Url = {http://svn.python.org/view/*checkout*/python/trunk/Misc/HISTORY}
}

@article{pythonFoudation,
  Author = {Python Software Foudation},
  Title = {Python},
  Year = {2001},
  Url = {https://www.python.org/psf/}
}

@article{matlabdoc,
  Author = {Math Works},
  Title = {Matlab Documentation},
  Year = {},
  Url = {http://www.mathworks.com/help/matlab/}
}

@article{mindmasterScrum,
  Author = {Denisson Vieira},
  Title = {Scrum: A Metodologia Ágil Explicada de forma Definitiva},
  Year = {2014},
  Url = {http://www.mindmaster.com.br/scrum/}
}

@article{microsoftResearch,
  Author = {Microsoft},
  Title = {kinect for windows},
  Year = {2016},
  Url = {https://developer.microsoft.com/en-us/windows/kinect}
}

@article{kanban,
  Author = {Significados},
  Title = {Siginficado de Kanban},
  Year = {2017},
  Url = {https://www.significados.com.br/kanban/}
}

@article{kanban1,
  Author = {Dan Radigan},
  Title = {A metodologia Kanban},
  Year = {2017},
  Url = {https://br.atlassian.com/agile/kanban}
}



@article{processamentoSinais,
  Author = {Joseana Macêdo Fechine Régis de Araujo},
  Title = {Processamento Digital de Sinais: Conceitos e Aplicações },
  Year = {2017},
  Url = {http://www.dsc.ufcg.edu.br/~pet/ciclo_seminarios/tecnicos/2012/CicloDeSeminarios2012.1_Joseana.pdf}
}

@article{ihc,
  Author = {Heloísa Vieira da Rocha, Maria Cecília Baranauskas},
  Title = {Design e Avaliação de Interfaces Humano-Computador},
  Year = {2003},
  Url = {http://www.nied.unicamp.br/?q=content/design-e-avalia%C3%A7%C3%A3o-de-interfaces-humano-computador}
}


@article{coimbra1978,
	Author = {A. L. Coimbra},
	Title = {Lessons of Continuum Mechanics},
	Year = {1978},
	Address = {São Paulo, Brazil},
	Pages = {428},
	Editor = {Edgard Blücher},
}

@article{diagramaSequencia,
	Author = {Antonio Carlos Gil},
	Title = {Como Elaborar Projetos de Pesquisa},
	Year = {2002},
	Address = {},
	Pages = {41-42},
	Editor = {EDITORA ATLAS S.A},
}

@article{gil,
	Author = {Martin Fowler},
	Title = {UML distilled: A Brief Guide to the Standard Object Modeling Language},
	Year = {1997},
	Address = {},
	Pages = {},
	Editor = {Addison-Wesley Professional},
}

@inproceedings{bordalo1989,
	author = {s. n. bordalo and j. h. ferziger and s. j. kline},
	title = {the development of zonal models for turbulence},
	year = {1989},
	pages = {41-44},
	booktitle = {proceedings of the 10th brazilian congress of mechanical
	engineering},
	volume = {1},
}

@inproceedings{contextBiomecanica,
	author = {AMADIO; Alberto Carlos; SERRÃO; Júlio Cerca},
	title = {Contextualização da biomecânica para a investigação do movimento: fundamentos, métodos e aplicações para análise da  técnica esportiva},
	year = {2007},
	pages = {61-85},
	booktitle = {Revista Brasileira de Educação Física e Esporte},
	volume = {21},
}

@inproceedings{manualGoniometria,
	author = {Amélia Pasqual Marques},
	title = {Manual de Goniometria},
	year = {2003},
	pages = {1-5},
	booktitle = {Manual de Goniometria 2ª EDIÇÃO REVISADA E AMPLIADA},
	volume = {2},
}

@manual{NBR14724:2011,
	Address = {Rio de Janeiro},
	Date-Added = {2012-12-15 20:34:08 +0000},
	Date-Modified = {2012-12-15 20:35:25 +0000},
	Month = mar,
	Org-Short = {ABNT},
	Organization = {Associa{\c c}\~ao Brasileira de Normas T\'ecnicas},
	Pages = 15,
	Subtitle = {Informa{\c c}\~ao e documenta{\c c}\~ao --- trabalhos acad\^emicos --- apresenta{\c c}\~ao},
	Title = {{NBR} 14724},
	Year = 2011
}

@manual{NBR6034:2000,
	Address = {Rio de Janeiro},
	Org-Short = {ABNT},
	Organization = {Associa{\c c}\~ao Brasileira de Normas T\'ecnicas},
	Subtitle = {Informa{\c c}\~ao e documenta{\c c}\~ao --- Referências},
	Title = {{NBR} 14724},
	Year = 2000
}
